<?xml version="1.0" encoding="UTF-8"?>
<collection xmlns:xsi="http://www.w3.org/2001/XMLSchema-instance" xsi:schemaLocation="http://www.loc.gov/MARC21/slim http://www.loc.gov/standards/marcxml/schema/MARC21slim.xsd" xmlns="http://www.loc.gov/MARC21/slim">
<record>
  <leader>01329cam a22003011  4500</leader>
  <controlfield tag="001">981546</controlfield>
  <controlfield tag="003">NNC</controlfield>
  <controlfield tag="005">20140126210505.0</controlfield>
  <controlfield tag="008">830118s1952    le            000 0 ara  </controlfield>
  <datafield tag="010" ind1=" " ind2=" ">
    <subfield code="a">   78960830 </subfield>
  </datafield>
  <datafield tag="035" ind1=" " ind2=" ">
    <subfield code="a">(OCoLC)9138376</subfield>
  </datafield>
  <datafield tag="035" ind1=" " ind2=" ">
    <subfield code="a">(OCoLC)ocm09138376</subfield>
  </datafield>
  <datafield tag="035" ind1=" " ind2=" ">
    <subfield code="9">AFJ7167CU</subfield>
  </datafield>
  <datafield tag="035" ind1=" " ind2=" ">
    <subfield code="a">(NNC)981546</subfield>
  </datafield>
  <datafield tag="040" ind1=" " ind2=" ">
    <subfield code="a">DLC</subfield>
    <subfield code="c">TKN</subfield>
    <subfield code="d">TKN</subfield>
    <subfield code="d">m/c</subfield>
    <subfield code="d">CtY</subfield>
  </datafield>
  <datafield tag="050" ind1="0" ind2=" ">
    <subfield code="a">BJ1291</subfield>
    <subfield code="b">.M3212</subfield>
  </datafield>
  <datafield tag="066" ind1=" " ind2=" ">
    <subfield code="c">(3</subfield>
  </datafield>
  <datafield tag="100" ind1="1" ind2=" ">
    <subfield code="6">880-01</subfield>
    <subfield code="a">Maudoodi, Syed Abul ʻAla,</subfield>
    <subfield code="d">1903-1979.</subfield>
  </datafield>
  <datafield tag="245" ind1="1" ind2="3">
    <subfield code="6">880-02</subfield>
    <subfield code="a">al-Usus al-akhlāqīyah lil-ḥarakah al-Islāmīyah /</subfield>
    <subfield code="c">[taʾlīf] Abū al-Aʻlá al-Mawdūdī.</subfield>
  </datafield>
  <datafield tag="260" ind1=" " ind2=" ">
    <subfield code="6">880-03</subfield>
    <subfield code="a">Bayrūt :</subfield>
    <subfield code="b">Dār al-Fikr,</subfield>
    <subfield code="c">[al-Muqaddimah 1371 (1952)]</subfield>
  </datafield>
  <datafield tag="300" ind1=" " ind2=" ">
    <subfield code="a">77 p. ;</subfield>
    <subfield code="c">20 cm.</subfield>
  </datafield>
  <datafield tag="500" ind1=" " ind2=" ">
    <subfield code="a">"Ulqiyat hādhihi al-khuṭbah fī muʾtamar al-Jamāʻah al-Islāmīyah al-sanawī al-munʻaqid fī 31/4/1945 ... wa-nushirat bi-al-Urdīyah ... wa-ʻuniya bi-taʻrībihā Muḥammad ʻĀṣim al-Ḥaddad."</subfield>
  </datafield>
  <datafield tag="650" ind1=" " ind2="0">
    <subfield code="a">Islamic ethics.</subfield>
  </datafield>
  <datafield tag="880" ind1="1" ind2=" ">
    <subfield code="6">100-01/(3/r</subfield>
    <subfield code="a">مودودي، سيد أبو الأعلى,</subfield>
    <subfield code="d">1903-1979.</subfield>
  </datafield>
  <datafield tag="880" ind1="1" ind2="2">
    <subfield code="6">245-02/(3/r</subfield>
    <subfield code="a">الأسس الأخلاقية للحركة الإسلامية /</subfield>
    <subfield code="c">[تأليف] أبو الأعلى المودودي.</subfield>
  </datafield>
  <datafield tag="880" ind1=" " ind2=" ">
    <subfield code="6">260-03/(3/r</subfield>
    <subfield code="a">بيروت :</subfield>
    <subfield code="b">دار الفكر،</subfield>
    <subfield code="c">[المقدمة 1371 (1952)]</subfield>
  </datafield>
  <datafield tag="955" ind1=" " ind2=" ">
    <subfield code="b">0056954816</subfield>
    <subfield code="d">glx</subfield>
    <subfield code="e">BJ1291 .M3212</subfield>
  </datafield>
</record>
</collection>